<?xml version="1.0" encoding="UTF-8"?><collection xmlns="http://www.loc.gov/MARC21/slim"><record><leader>00668nam--2200193-i-4500</leader><controlfield tag="001">000025632</controlfield><controlfield tag="002">20161230</controlfield><controlfield tag="005">20161230201036</controlfield><controlfield tag="008">060222s1000------------r-----000-0-eng-d</controlfield><datafield ind1=" " ind2=" " tag="020"><subfield code="a">156396564X</subfield></datafield><datafield ind1=" " ind2=" " tag="040"><subfield code="a">IFIN-HH</subfield></datafield><datafield ind1=" " ind2=" " tag="080"><subfield code="a">577.1:538.9:539.12(063)</subfield></datafield><datafield ind1="1" ind2=" " tag="100"><subfield code="a">Tramer, Andre</subfield></datafield><datafield ind1="1" ind2="0" tag="245"><subfield code="a">Fast elementary processes in chemical and biological systrems</subfield><subfield code="b">54th international meeting of physical chemistry, villeneuve d'ascq, france june 1995</subfield><subfield code="c">Andre tramer (ed.)</subfield></datafield><datafield ind1=" " ind2=" " tag="260"><subfield code="a">Woodbury, New York</subfield><subfield code="b">American Institute Of Physics</subfield><subfield code="c">1996</subfield></datafield><datafield ind1=" " ind2=" " tag="300"><subfield code="a">680P</subfield></datafield><datafield ind1=" " ind2=" " tag="490"><subfield code="a">Aip Conference Proceedings</subfield><subfield code="v">Vol. 364</subfield></datafield><datafield ind1=" " ind2=" " tag="852"><subfield code="a">81544</subfield><subfield code="c">577.1</subfield></datafield><datafield ind1=" " ind2=" " tag="CAT"><subfield code="a">Sys</subfield><subfield code="c">20110411</subfield><subfield code="h">142623</subfield></datafield></record></collection>